@article{scikit-learn,
 title={Scikit-learn: Machine Learning in {P}ython},
 author={Pedregosa, F. and Varoquaux, G. and Gramfort, A. and Michel, V.
         and Thirion, B. and Grisel, O. and Blondel, M. and Prettenhofer, P.
         and Weiss, R. and Dubourg, V. and Vanderplas, J. and Passos, A. and
         Cournapeau, D. and Brucher, M. and Perrot, M. and Duchesnay, E.},
 journal={Journal of Machine Learning Research},
 volume={12},
 pages={2825--2830},
 year={2011},
 note = {\href{https://scikit-learn.org/stable/index.html}{scikit-learn}}
}
@article{history_of_bluetooth,
    title = {An Overview of the Bluetooth Wireless Technology},
    author = {C. Bisdikian},
    journal = {IEEE Communications Magazine},
    pages = {1},
    year = {2001},
    note = {\href{https://ieeexplore.ieee.org/abstract/document/968817?casa_token=mFURl15_QFIAAAAA:dpSke6XmbwieBXju3ogkEh8gPjfJpLIzcjwi1nK5D0RodNwO25frZJzS_3qEectBikA3zRVDWg}}
}
@misc{bluetooth_device_shipments,
    title = {Bluetooth device shipments worldwide from 2015 to 2027},
    author = {F. Laricchia},
    year = {2023},
    note = {Zuletzt aufgerufen am 15. Mai 2024},
    url = {\href{https://www.statista.com/statistics/1220933/global-bluetooth-device-shipment-forecast/#statisticContainer}}
}
@article{bluetooth_newest_security_risks,
    title = {Any Bluetooth device can be hacked. Know how?},
    author = {P. Muraleedharaa, et al.},
    journal = {sciencedirect},
    pages = {1-4},
    year = {2024},
    note = {\href{https://www.sciencedirect.com/science/article/pii/S2772918424000079}}
}
@misc{bluetooth_reichweite,
    title = {Bluetooth Reichweite verstehen},
    author = {bluetooth},
    note = {Zuletzt aufgerufen am 16. Mai 2024},
    url = {\href{https://www.bluetooth.com/de/learn-about-bluetooth/key-attributes/range/}},
}
@misc{bluetooth_oob,
    title = {Bluetooth Pairing Part 5: Legacy Pairing â€“ Out of Band},
    author = {bluetooth},
    year = {2017},
    note = {Zuletzt aufgerufen am 16. Mai 2024},
    url = {\href{https://www.bluetooth.com/blog/bluetooth-pairing-part-5-legacy-pairing-out-of-band/}},
}
@article{method_confusion_attack,
    author = {M. von Tschirschnitz, et al.},
    title = {Method Confusion Attack on Bluetooth Pairing},
    journal = {IEEE Symposium on Security and Privacy},
    year = {2021},
    pages = {1-3},
    note = {\href{https://ieeexplore.ieee.org/abstract/document/9519477?casa_token=brubRnS6nYgAAAAA:uKCZNqTYijliVtI16Uj83d2v6VQtM3LZhvSX3U6AnpXJ9yFfmm_w9E5ey_om83hNsgGK_PmSzQ}}
}
@article{bluetooth_formal_analysis,
    author = {M. K. Jangid, et al.},
    title = {Extrapolating Formal Analysis to Uncover Attacks in Bluetooth Passkey Entry Pairing},
    pages = {2-3},
    journal = {NDSS-Symposium},
    year = {2023},
    note = {\href{https://web.cse.ohio-state.edu/~jangid.6/media/BTFormal.pdf}}
}
